<?xml version="1.0" encoding="UTF-8"?><collection xmlns="http://www.loc.gov/MARC21/slim"><record><leader>00690nam--2200205-i-4500</leader><controlfield tag="001">000014671</controlfield><controlfield tag="002">20161230</controlfield><controlfield tag="005">20161230201030</controlfield><controlfield tag="008">060222s1000------------r-----000-0-rus-d</controlfield><datafield ind1=" " ind2=" " tag="040"><subfield code="a">IFIN-HH</subfield></datafield><datafield ind1=" " ind2=" " tag="041"><subfield code="a">rus</subfield></datafield><datafield ind1=" " ind2=" " tag="080"><subfield code="a">53(091)</subfield></datafield><datafield ind1="1" ind2=" " tag="100"><subfield code="a">Einstein, Albert</subfield></datafield><datafield ind1="1" ind2="0" tag="245"><subfield code="a">Evoliutiia fiziki.razvitie idei ot pervonacealnih poniatii do toerii otnositelnosti i kvantov</subfield><subfield code="c">Albert einstein, leopold infeld</subfield></datafield><datafield ind1=" " ind2=" " tag="260"><subfield code="a">Moskva</subfield><subfield code="b">Nauka</subfield><subfield code="c">1965</subfield></datafield><datafield ind1=" " ind2=" " tag="300"><subfield code="a">326P</subfield></datafield><datafield ind1=" " ind2=" " tag="500"><subfield code="a">Titlul Original In Limba Engleza: The Evolution Of Physics. The Growth Of Ideas From Early Concepts To Relativity And Quanta</subfield></datafield><datafield ind1="1" ind2=" " tag="700"><subfield code="a">Infeld, Leopold</subfield></datafield><datafield ind1=" " ind2=" " tag="852"><subfield code="a">22158</subfield><subfield code="c">53.01</subfield></datafield><datafield ind1=" " ind2=" " tag="CAT"><subfield code="a">Sys</subfield><subfield code="c">20151013</subfield><subfield code="h">130130</subfield></datafield></record></collection>